@ARTICLE{LDA,
	title = {{L}atent {D}irichlet {A}llocation},
	journal = {Journal of Machine Learning Research},
	author = {D. Blei, A. Ng, M. Jordan},
	year = {2003},
	volume = {3}
	pages = {993-1022}
}

@ARTICLE{OLLD,
	author = {M. Hoffman, D. Blei, D. Bach},
	title = {{O}nline {L}earning for {L}atent {D}irichlet Allocation},
	year = {2010},
}

@ARTICLE{Gr,
	author = {P. Pons, M. Latapy},
	title = {{C}omputing {Communities} in {L}arge {N}etworks {U}sing {R}andom {W}alks},
	year = {2006},
	journal = {JGAA}
	volume = {10}
	pages = {191-218}
}
