@ARTICLE{LDA,
	title = {{L}atent {D}irichlet {A}llocation},
	journal = {Journal of Machine Learning Research},
	author = {D. Blei, A. Ng, M. Jordan},
	year = {2003},
	volume = {3},
	pages = {993-1022}
}

@ARTICLE{OLLD,
	author = {M. Hoffman, D. Blei, D. Bach},
	title = {{O}nline {L}earning for {L}atent {D}irichlet Allocation},
	year = {2010}
}

@ARTICLE{Gr,
	author = {P. Pons, M. Latapy},
	title = {{C}omputing {Communities} in {L}arge {N}etworks {U}sing {R}andom {W}alks},
	year = {2006},
	journal = {JGAA},
	volume = {10},
	pages = {191-218}
}

@ARTICLE{svi,
		author = {Tamara Broderick, Nicholas Boyd, Andre Wibisono, Ashia C. Wilson, Michael I. Jordan},
		title = {{S}treaming {V}ariational {B}ayes},
		year = {2013},
		website = {Nips}
}

@ARTICLE{igr,
    		title = {The igraph software package for complex network research},
    		author = {Gabor Csardi and Tamas Nepusz},
    		journal = {InterJournal},
    		volume = {Complex Systems},
   		pages = {1695},
    		year = {2006},
    		url = {http://igraph.sf.net}
}
@ARTICLE{sklearn,
 title={Scikit-learn: Machine Learning in {P}ython},
 author={Pedregosa, F. and Varoquaux, G. and Gramfort, A. and Michel, V.
         and Thirion, B. and Grisel, O. and Blondel, M. and Prettenhofer, P.
         and Weiss, R. and Dubourg, V. and Vanderplas, J. and Passos, A. and
         Cournapeau, D. and Brucher, M. and Perrot, M. and Duchesnay, E.},
 journal={Journal of Machine Learning Research},
 volume={12},
 pages={2825--2830},
 year={2011}
}